<record><leader>00000cas a22000007a 4500</leader><controlfield tag="001">15390195</controlfield><controlfield tag="008">870328d19451954alucr ne      0    0eng d</controlfield><datafield ind1=" " ind2=" " tag="010"><subfield code="a">sn 87050102 </subfield></datafield><datafield ind1=" " ind2=" " tag="040"><subfield code="a">AAR</subfield><subfield code="b">eng</subfield><subfield code="c">AAR</subfield><subfield code="d">CPN</subfield><subfield code="d">OCLCQ</subfield></datafield><datafield ind1=" " ind2=" " tag="042"><subfield code="a">msc</subfield></datafield><datafield ind1="0" ind2="4" tag="245"><subfield code="a">The Haleyville advertiser.</subfield></datafield><datafield ind1="1" ind2="7" tag="246"><subfield code="a">Advertiser-journal</subfield></datafield><datafield ind1=" " ind2=" " tag="260"><subfield code="a">Haleyville, Ala. :</subfield><subfield code="b">Jay Thornton,</subfield><subfield code="c">1945-1954.</subfield></datafield><datafield ind1=" " ind2=" " tag="300"><subfield code="a">v.</subfield></datafield><datafield ind1=" " ind2=" " tag="310"><subfield code="a">Semiweekly,</subfield><subfield code="b">&lt;Jan. 5, 1950-Apr. 13, 1954&gt;</subfield></datafield><datafield ind1=" " ind2=" " tag="321"><subfield code="a">Weekly,</subfield><subfield code="b">&lt;Apr. 26, 1945-Dec. 29, 1949&gt;</subfield></datafield><datafield ind1="0" ind2=" " tag="362"><subfield code="a">Apr. 26, 1945-Apr. 13, 1954.</subfield></datafield><datafield ind1=" " ind2=" " tag="752"><subfield code="a">United States</subfield><subfield code="b">Alabama</subfield><subfield code="c">Winston</subfield><subfield code="d">Haleyville.</subfield></datafield><datafield ind1="0" ind2="7" tag="780"><subfield code="t">Advertiser-journal (Haleyville, Ala.)</subfield><subfield code="w">(DLC)sn 87050100</subfield></datafield><datafield ind1="0" ind2="0" tag="785"><subfield code="t">Advertiser (Haleyville, Ala.)</subfield><subfield code="w">(DLC)sn 87050103</subfield></datafield></record>